<?xml version="1.0" encoding="utf-8"?>
<record xmlns="http://www.loc.gov/MARC21/slim" xmlns:xsi="http://www.w3.org/2001/XMLSchema-instance" xsi:schemaLocation="http://www.loc.gov/MARC21/slim http://www.loc.gov/standards/marcxml/schema/MARC21slim.xsd">
	<leader>     nam a22        4500</leader>
	<controlfield tag="001">b18271522</controlfield>
	<controlfield tag="003">LeBAU</controlfield>
	<controlfield tag="006">m        d        </controlfield>
	<controlfield tag="007">cr cn |||m|||a</controlfield>
	<controlfield tag="008">161025s1949    ua      o     000 0 ara d</controlfield>
	<datafield ind1=" " ind2=" " tag="040">
		<subfield code="a">NNU</subfield>
		<subfield code="b">ara</subfield>
		<subfield code="e">rda</subfield>
		<subfield code="c">NNU</subfield>
	</datafield>
	<datafield ind1=" " ind2="4" tag="050">
		<subfield code="a">PJ7842.K15 </subfield>
		<subfield code="b">Q2 1949</subfield>
	</datafield>
	<datafield ind1="0" ind2="4" tag="082">
		<subfield code="a">028.1</subfield>
		<subfield code="2">23</subfield>
	</datafield>
	<datafield ind1="1" ind2=" " tag="100">
		<subfield code="6">880-01</subfield>
		<subfield code="a">Kāmil, Maḥmūd,</subfield>
		<subfield code="e">author.</subfield>
	</datafield>
	<datafield ind1="1" ind2="0" tag="245">
		<subfield code="6">880-02</subfield>
		<subfield code="a">Qāri’ bayna ‘ashrat kutub /</subfield>
		<subfield code="c">Maḥmūd Kāmil, al-muḥāmī bi-al-naqḍ wa-al-ibrām.</subfield>
	</datafield>
	<datafield ind1=" " ind2="1" tag="264">
		<subfield code="6">880-03</subfield>
		<subfield code="a">[Miṣr] :</subfield>
		<subfield code="b">Dār al-Jāmi‘ah lil-Ṭab‘ wa-al-Nashr,</subfield>
		<subfield code="c">1949.</subfield>
	</datafield>
	<datafield ind1=" " ind2=" " tag="300">
		<subfield code="6">880-04</subfield>
		<subfield code="a">online resource (88 pages)</subfield>
	</datafield>
	<datafield ind1=" " ind2=" " tag="336">
		<subfield code="a">text</subfield>
		<subfield code="2">rdacontent</subfield>
	</datafield>
	<datafield ind1=" " ind2=" " tag="337">
		<subfield code="a">computer</subfield>
		<subfield code="2">rdamedia</subfield>
	</datafield>
	<datafield ind1=" " ind2=" " tag="338">
		<subfield code="a">online resource</subfield>
		<subfield code="2">rdacarrier</subfield>
	</datafield>
	<datafield ind1=" " ind2=" " tag="500">
		<subfield code="a">Part of the Arabic Collections Online (ACO) project, contributed by American University of Beirut's Jafet Memorial Library.</subfield>
	</datafield>
	<datafield ind1=" " ind2=" " tag="533">
		<subfield code="a">Electronic reproduction.</subfield>
		<subfield code="b">New York, N.Y. :</subfield>
		<subfield code="c">New York University,</subfield>
		<subfield code="d">2016.</subfield>
		<subfield code="5">NNU</subfield>
	</datafield>
	<datafield ind1="1" ind2="0" tag="600">
		<subfield code="6">880-05</subfield>
		<subfield code="a">Gouilly, Alphonse.</subfield>
		<subfield code="t">L'Islam devant le monde moderne</subfield>
	</datafield>
	<datafield ind1="1" ind2="0" tag="600">
		<subfield code="6">880-06</subfield>
		<subfield code="a">Barclay, Florence L.</subfield>
		<subfield code="q">(Florence Louisa),</subfield>
		<subfield code="d">1862-1921.</subfield>
		<subfield code="t">The Rosary.</subfield>
	</datafield>
	<datafield ind1="1" ind2="0" tag="600">
		<subfield code="6">880-07</subfield>
		<subfield code="a">Kistemaeckers, Henry,</subfield>
		<subfield code="d">1851-1934.</subfield>
		<subfield code="t">Un soir au front.</subfield>
	</datafield>
	<datafield ind1="1" ind2="0" tag="600">
		<subfield code="6">880-08</subfield>
		<subfield code="a">Campbell, Alexander,</subfield>
		<subfield code="d">1912-1977.</subfield>
		<subfield code="t">It's your empire.</subfield>
	</datafield>
	<datafield ind1="1" ind2="0" tag="600">
		<subfield code="6">880-09</subfield>
		<subfield code="a">Donnay, Maurice,</subfield>
		<subfield code="d">1859-1945.</subfield>
		<subfield code="t">La Bascule.</subfield>
	</datafield>
	<datafield ind1="1" ind2="0" tag="600">
		<subfield code="6">880-10</subfield>
		<subfield code="a">Gunther, John,</subfield>
		<subfield code="d">1901-1970.</subfield>
		<subfield code="t">Inside U. S. A.</subfield>
	</datafield>
	<datafield ind1="1" ind2="0" tag="600">
		<subfield code="6">880-11</subfield>
		<subfield code="a">Le Bargy, M.</subfield>
		<subfield code="t">Une danseuse est morte.</subfield>
	</datafield>
	<datafield ind1="1" ind2="0" tag="600">
		<subfield code="6">880-12</subfield>
		<subfield code="a">Cole, G.D.H</subfield>
		<subfield code="q">(George Douglas Howard),</subfield>
		<subfield code="d">1889-1959.</subfield>
		<subfield code="t">The intelligent man's guide to the post-war world</subfield>
		<subfield code="x">Criticism and interpretation.</subfield>
	</datafield>
	<datafield ind1="1" ind2="0" tag="600">
		<subfield code="6">880-13</subfield>
		<subfield code="a">Méré, Charles.</subfield>
		<subfield code="t">L'homme nu.</subfield>
	</datafield>
	<datafield ind1=" " ind2="0" tag="650">
		<subfield code="6">880-14</subfield>
		<subfield code="a">Books</subfield>
		<subfield code="v">Reviews.</subfield>
	</datafield>
	<datafield ind1="2" ind2=" " tag="710">
		<subfield code="a">Jafet Memorial Library.</subfield>
	</datafield>
	<datafield ind1="0" ind2=" " tag="730">
		<subfield code="a">Arabic Collections Online.</subfield>
	</datafield>
	<datafield ind1="0" ind2="8" tag="776">
		<subfield code="i">Print version:</subfield>
		<subfield code="a">Kāmil, Maḥmūd, author.</subfield>
		<subfield code="t">Qāri’ bayna ‘ashrat kutub</subfield>
		<subfield code="w">(LeBAU)b18271522</subfield>
	</datafield>
	<datafield ind1="4" ind2="0" tag="856">
		<subfield code="u">http://hdl.handle.net/2333.1/bcc2fvpr</subfield>
	</datafield>
	<datafield ind1="1" ind2=" " tag="880">
		<subfield code="6">100-01/r</subfield>
		<subfield code="a">كامل، محمود،</subfield>
		<subfield code="e">author.</subfield>
	</datafield>
	<datafield ind1="1" ind2="0" tag="880">
		<subfield code="6">245-02/r</subfield>
		<subfield code="a">قارئ بين عشرة كتب /</subfield>
		<subfield code="c">محمود كامل، المحامي بالنقض والإبرام.</subfield>
	</datafield>
	<datafield ind1=" " ind2="1" tag="880">
		<subfield code="6">264-03/r</subfield>
		<subfield code="a">[مصر] :</subfield>
		<subfield code="b">دار الجامعة للطبع والنشر،</subfield>
		<subfield code="c">1949.</subfield>
	</datafield>
	<datafield ind1=" " ind2=" " tag="880">
		<subfield code="6">300-04/r</subfield>
		<subfield code="a">88 صفحة ؛</subfield>
		<subfield code="c">21 سم</subfield>
	</datafield>
	<datafield ind1=" " ind2=" " tag="880">
		<subfield code="6">500-00/r</subfield>
		<subfield code="a">&quot;مسألة ليبيا، Le Question de Lybie&quot; --صفحة 26.</subfield>
	</datafield>
	<datafield ind1="1" ind2="4" tag="880">
		<subfield code="6">600-05/r</subfield>
		<subfield code="a">غولي، ألفونس.</subfield>
		<subfield code="t">الإسلام أمام العالم الحديث.</subfield>
	</datafield>
	<datafield ind1="1" ind2="4" tag="880">
		<subfield code="6">600-06/r</subfield>
		<subfield code="a">باركلي، فلورنس ل.</subfield>
		<subfield code="q">(فلورنس لويسا)،</subfield>
		<subfield code="d">1862-1921.</subfield>
		<subfield code="t">السبحة.</subfield>
	</datafield>
	<datafield ind1="1" ind2="4" tag="880">
		<subfield code="6">600-07/r</subfield>
		<subfield code="a">كيستيميكر، هنري،</subfield>
		<subfield code="e">1851-1934.</subfield>
		<subfield code="t">ليلة في الجبهة.</subfield>
	</datafield>
	<datafield ind1="1" ind2="4" tag="880">
		<subfield code="6">600-08/r</subfield>
		<subfield code="a">كامبل، ألكساندر.</subfield>
		<subfield code="t">هذه إمبراطوريتكم.</subfield>
	</datafield>
	<datafield ind1="1" ind2="4" tag="880">
		<subfield code="6">600-09/r</subfield>
		<subfield code="a">دوناي، موريس،</subfield>
		<subfield code="d">1859-1945.</subfield>
		<subfield code="t">الميزان.</subfield>
	</datafield>
	<datafield ind1="1" ind2="4" tag="880">
		<subfield code="6">600-10/r</subfield>
		<subfield code="a">جنتر، جون،</subfield>
		<subfield code="d">1901-1970.</subfield>
		<subfield code="t">في داخل الولايات المتحدة الأمريكية.</subfield>
	</datafield>
	<datafield ind1="1" ind2="4" tag="880">
		<subfield code="6">600-11/r</subfield>
		<subfield code="a">لو بارجي، م.</subfield>
		<subfield code="t">راقصة ماتت.</subfield>
	</datafield>
	<datafield ind1="1" ind2="4" tag="880">
		<subfield code="6">600-12/r</subfield>
		<subfield code="a">كول، ج. د. هـ.</subfield>
		<subfield code="q">(جورج دوغلاس هوارد،)</subfield>
		<subfield code="d">1889-1959.</subfield>
		<subfield code="t">عالم ما بعد الحرب.</subfield>
	</datafield>
	<datafield ind1="1" ind2="4" tag="880">
		<subfield code="6">600-13/r</subfield>
		<subfield code="a">ميريه، شارل.</subfield>
		<subfield code="t">الرجل المتجرد.</subfield>
	</datafield>
	<datafield ind1=" " ind2="4" tag="880">
		<subfield code="6">650-14/r</subfield>
		<subfield code="a">الكتب</subfield>
		<subfield code="x">مراجعات.</subfield>
	</datafield>
	<datafield ind1=" " ind2=" " tag="959">
		<subfield code="a">NNU</subfield>
		<subfield code="b">WEB</subfield>
		<subfield code="c">GENI</subfield>
		<subfield code="t">0</subfield>
		<subfield code="m">Electronic access</subfield>
		<subfield code="s">01</subfield>
	</datafield>
	<datafield ind1=" " ind2=" " tag="999">
		<subfield code="i">LeBAU_b18271522</subfield>
		<subfield code="s">aub_aco000173</subfield>
		<subfield code="e">(ERROR-MISC)</subfield>
		<subfield code="s">aub_aco000173</subfield>
	</datafield>
</record>
